<record xmlns="http://www.loc.gov/MARC21/slim">
   <leader>02323cam a2200397Ii 45 0</leader>
   <controlfield tag="001">6815174</controlfield>
   <controlfield tag="003">OCoLC</controlfield>
   <controlfield tag="005">20150304105006.0</controlfield>
   <controlfield tag="008">140409s2015    nyu           000 1 eng d</controlfield>
   <datafield ind1=" " ind2=" " tag="020">
      <subfield code="a">9781250041623</subfield>
   </datafield>
   <datafield ind1=" " ind2=" " tag="020">
      <subfield code="a">1250041627</subfield>
   </datafield>
   <datafield ind1=" " ind2=" " tag="035">
      <subfield code="a">ocn876349594</subfield>
   </datafield>
   <datafield ind1=" " ind2=" " tag="040">
      <subfield code="a">YDXCP</subfield>
      <subfield code="c">YDXCP</subfield>
      <subfield code="d">BTCTA</subfield>
      <subfield code="d">UPZ</subfield>
      <subfield code="d">OCLCO</subfield>
      <subfield code="d">IEB</subfield>
      <subfield code="d">IA5</subfield>
      <subfield code="d">CGP</subfield>
      <subfield code="d">HHO</subfield>
      <subfield code="d">ARDC</subfield>
   </datafield>
   <datafield ind1=" " ind2=" " tag="043">
      <subfield code="a">e-uk-st</subfield>
   </datafield>
   <datafield ind1="0" ind2="4" tag="082">
      <subfield code="a">813/.54</subfield>
      <subfield code="2">23</subfield>
   </datafield>
   <datafield ind1=" " ind2=" " tag="090">
      <subfield code="a">Romance ENO</subfield>
      <subfield code="b">AEVC</subfield>
   </datafield>
   <datafield ind1=" " ind2=" " tag="090">
      <subfield code="a">ENO</subfield>
      <subfield code="b">ARDC</subfield>
   </datafield>
   <datafield ind1="1" ind2=" " tag="100">
      <subfield code="a">Enoch, Suzanne.</subfield>
   </datafield>
   <datafield ind1="1" ind2="0" tag="245">
      <subfield code="a">Mad, bad, and dangerous in plaid /</subfield>
      <subfield code="c">Suzanne Enoch.</subfield>
   </datafield>
   <datafield ind1=" " ind2=" " tag="250">
      <subfield code="a">St. Martin's Paperbacks edition.</subfield>
   </datafield>
   <datafield ind1=" " ind2="1" tag="264">
      <subfield code="a">New York, NY :</subfield>
      <subfield code="b">St. Martin's Paperbacks,</subfield>
      <subfield code="c">2015.</subfield>
   </datafield>
   <datafield ind1=" " ind2=" " tag="300">
      <subfield code="a">343 pages ;</subfield>
      <subfield code="c">18 cm.</subfield>
   </datafield>
   <datafield ind1=" " ind2=" " tag="336">
      <subfield code="a">text</subfield>
      <subfield code="b">rdacontent</subfield>
   </datafield>
   <datafield ind1=" " ind2=" " tag="337">
      <subfield code="a">unmediated</subfield>
      <subfield code="b">rdamedia</subfield>
   </datafield>
   <datafield ind1=" " ind2=" " tag="338">
      <subfield code="a">volume</subfield>
      <subfield code="b">rdacarrier</subfield>
   </datafield>
   <datafield ind1="1" ind2=" " tag="490">
      <subfield code="a">A scandalous Highlanders novel</subfield>
   </datafield>
   <datafield ind1=" " ind2=" " tag="520">
      <subfield code="a">"High-spirited Rowena MacLawry has come to the Highlands after a spectacularly successful debut Season in London, and has made it painfully clear that she's outgrown her childhood obsession with Lachlan MacTier. That's just fine with him, as he never had any intention of marrying the lass anyway! Yet how can he ignore the fact that once rough and tumble Winnie has become a very fashionable--and incredibly desirable--young woman ... Brawny, rugged Lachlan is nothing like the aristocratic English gentleman who pursued Winnie--with a passion--in London. Three months away were more than enough to show her a world infinitely more glamorous than untamed Scottish Highlands--and her beloved childhood crush. But now that she's decided to find a prospective husband with a bit more polish, could Lachlan finally appreciate her charms? And is it remotely possible to ignore the wild attraction she feels for him?"-- Provided by publisher.</subfield>
   </datafield>
   <datafield ind1=" " ind2=" " tag="596">
      <subfield code="a">3 35</subfield>
   </datafield>
   <datafield ind1=" " ind2="0" tag="650">
      <subfield code="a">Man-woman relationships</subfield>
      <subfield code="v">Fiction.</subfield>
   </datafield>
   <datafield ind1=" " ind2="0" tag="650">
      <subfield code="a">Mate selection</subfield>
      <subfield code="v">Fiction.</subfield>
   </datafield>
   <datafield ind1=" " ind2="0" tag="651">
      <subfield code="a">Highlands (Scotland)</subfield>
      <subfield code="x">Social life and customs</subfield>
      <subfield code="y">19th century</subfield>
      <subfield code="v">Fiction.</subfield>
   </datafield>
   <datafield ind1=" " ind2="0" tag="655">
      <subfield code="a">Love stories.</subfield>
   </datafield>
   <datafield ind1=" " ind2="0" tag="655">
      <subfield code="a">Historical fiction.</subfield>
   </datafield>
   <datafield ind1="1" ind2=" " tag="800">
      <subfield code="a">Enoch, Suzanne.</subfield>
      <subfield code="t">Scandalous Highlanders novel.</subfield>
   </datafield>
   <datafield ind1=" " ind2=" " tag="926">
      <subfield code="a">ENO</subfield>
      <subfield code="w">LC</subfield>
      <subfield code="c">1</subfield>
      <subfield code="i">30125302525711</subfield>
      <subfield code="l">PAPERBACKS</subfield>
      <subfield code="m">RED_DEER_C</subfield>
      <subfield code="r">Y</subfield>
      <subfield code="s">Y</subfield>
      <subfield code="t">BOOK</subfield>
      <subfield code="u">3/4/2015</subfield>
   </datafield>
   <datafield ind1=" " ind2=" " tag="926">
      <subfield code="a">Romance ENO</subfield>
      <subfield code="w">ASIS</subfield>
      <subfield code="c">1</subfield>
      <subfield code="i">33862001356124</subfield>
      <subfield code="d">3/10/2016</subfield>
      <subfield code="e">3/4/2016</subfield>
      <subfield code="l">PAPERBACKS</subfield>
      <subfield code="m">NORQ_MAIN</subfield>
      <subfield code="n">2</subfield>
      <subfield code="p">$7.49</subfield>
      <subfield code="r">Y</subfield>
      <subfield code="s">Y</subfield>
      <subfield code="t">PAPERBACK</subfield>
      <subfield code="u">3/23/2015</subfield>
   </datafield>
</record>
